<record><leader>00000cas a22000007a 4500</leader><controlfield tag="001">26783139</controlfield><controlfield tag="008">921014d18801895nyuwr ne      0    0eng d</controlfield><datafield ind1=" " ind2=" " tag="010"><subfield code="a">sn 92062128 </subfield></datafield><datafield ind1=" " ind2=" " tag="040"><subfield code="a">NYS</subfield><subfield code="b">eng</subfield><subfield code="c">NYS</subfield><subfield code="d">OCLCQ</subfield><subfield code="d">OCLCF</subfield><subfield code="d">OCLCO</subfield></datafield><datafield ind1=" " ind2=" " tag="042"><subfield code="a">msc</subfield></datafield><datafield ind1=" " ind2=" " tag="043"><subfield code="a">n-us-ny</subfield></datafield><datafield ind1="0" ind2="0" tag="245"><subfield code="a">Chautauqua era.</subfield></datafield><datafield ind1=" " ind2=" " tag="260"><subfield code="a">Mayville, Chautauqua Co., N.Y. :</subfield><subfield code="b">G.R. Dean,</subfield><subfield code="c">1880-</subfield></datafield><datafield ind1=" " ind2=" " tag="300"><subfield code="a">v.</subfield></datafield><datafield ind1=" " ind2=" " tag="310"><subfield code="a">Weekly</subfield></datafield><datafield ind1="0" ind2=" " tag="362"><subfield code="a">Vol. 1, no. 1 (Aug. 30, 1880)-</subfield></datafield><datafield ind1="1" ind2=" " tag="362"><subfield code="a">Ceased in 1895.</subfield></datafield><datafield ind1=" " ind2=" " tag="500"><subfield code="a">"Seventh year of the Chautauqua era" printed under the masthead, &lt;Aug. 30, 1880&gt;.</subfield></datafield><datafield ind1=" " ind2="0" tag="651"><subfield code="a">Mayville (N.Y.)</subfield><subfield code="v">Newspapers.</subfield></datafield><datafield ind1=" " ind2="7" tag="655"><subfield code="a">Newspapers.</subfield><subfield code="2">fast</subfield><subfield code="0">(OCoLC)fst01423814</subfield></datafield><datafield ind1=" " ind2="7" tag="651"><subfield code="a">New York (State)</subfield><subfield code="z">Mayville.</subfield><subfield code="2">fast</subfield><subfield code="0">(OCoLC)fst01212471</subfield></datafield><datafield ind1=" " ind2=" " tag="752"><subfield code="a">United States</subfield><subfield code="b">New York</subfield><subfield code="c">Chautauqua</subfield><subfield code="d">Mayville.</subfield></datafield><datafield ind1="0" ind2="7" tag="785"><subfield code="t">Mayville sentinel (Mayville, N.Y. : 1834)</subfield><subfield code="w">(DLC)sn 83031254</subfield><subfield code="w">(OCoLC)9992974</subfield></datafield><datafield ind1="0" ind2="7" tag="785"><subfield code="t">Mayville sentinel and Chautauqua era</subfield><subfield code="w">(DLC)sn 92062129</subfield><subfield code="w">(OCoLC)26714838</subfield></datafield></record>